@article{meier2017crowdsourcing,
  title={Crowdsourcing air temperature from citizen weather stations for urban climate research},
  author={Meier, Fred and Fenner, Daniel and Grassmann, Tom and Otto, Marco and Scherer, Dieter},
  journal={Urban Climate},
  volume={19},
  pages={170--191},
  year={2017},
  publisher={Elsevier}
}

@article{harvey2002skipnet,
  title={Skipnet: A scalable overlay network with practical locality properties},
  author={Harvey, Nicholas JA and Dunagan, John and Jones, Mike and Saroiu, Stefan and Theimer, Marvin and Wolman, Alec},
  year={2002}
}

@article{gret2020urban,
  title={How urban densification influences ecosystem servicesâ€”a comparison between a temperate and a tropical city},
  author={Gr{\^e}t-Regamey, Adrienne and Galleguillos-Torres, Marcelo and Dissegna, Angela and Weibel, Bettina},
  journal={Environmental Research Letters},
  volume={15},
  number={7},
  pages={075001},
  year={2020},
  publisher={IoP Publishing}
}

@article{martin2015alternative,
  title={An alternative method to characterize the surface urban heat island},
  author={Martin, Philippe and Baudouin, Yves and Gachon, Philippe},
  journal={International journal of biometeorology},
  volume={59},
  pages={849--861},
  year={2015},
  publisher={Springer}
}

@inproceedings{bornholdt2019sane,
  title={SANE: Smart networks for urban citizen participation},
  author={Bornholdt, Heiko and Jost, David and Kisters, Philipp and Rottleuthner, Michel and Bade, Dirk and Lamersdorf, Winfried and Schmidt, Thomas C and Fischer, Mathias},
  booktitle={2019 26th International Conference on Telecommunications (ICT)},
  pages={496--500},
  year={2019},
  organization={IEEE}
}

@article{sekulic2020spatio,
  title={Spatio-temporal regression kriging model of mean daily temperature for Croatia},
  author={Sekuli{\'c}, Aleksandar and Kilibarda, Milan and Proti{\'c}, Dragutin and Tadi{\'c}, Melita Per{\v{c}}ec and Bajat, Branislav},
  journal={Theoretical and Applied Climatology},
  volume={140},
  pages={101--114},
  year={2020},
  publisher={Springer}
}

@article{alonso2020new,
  title={A new approach for understanding urban microclimate by integrating complementary predictors at different scales in regression and machine learning models},
  author={Alonso, Lucille and Renard, Florent},
  journal={Remote Sensing},
  volume={12},
  number={15},
  pages={2434},
  year={2020},
  publisher={MDPI}
}

@article{njoku2023effects,
  title={The effects of station density in geostatistical prediction of air temperatures in Sweden: A comparison of two interpolation techniques},
  author={Njoku, Elijah Akwarandu and Akpan, Patrick Etim and Effiong, Augustine Edet and Babatunde, Isaac Oluwatosin},
  journal={Resources, Environment and Sustainability},
  volume={11},
  pages={100092},
  year={2023},
  publisher={Elsevier}
}

@article{zhang2015estimation,
  title={Estimation of land surface temperature under cloudy skies using combined diurnal solar radiation and surface temperature evolution},
  author={Zhang, Xiaoyu and Pang, Jing and Li, Lingling},
  journal={Remote Sensing},
  volume={7},
  number={1},
  pages={905--921},
  year={2015},
  publisher={MDPI}
}

@misc{ghent2022esalst,
  author = { Ghent, D. and Veal, K. and Perry, M.},
  title = { ESA Land Surface Temperature Climate Change Initiative (LST\_cci): Multisensor Infra-Red (IR) Low Earth Orbit (LEO) land surface temperature (LST) time series level 3 supercollated (L3S) global product (1995-2020), version 2.00},
  publisher = { NERC EDS Centre for Environmental Data Analysis },
  doi = {10.5285/ef8ce37b6af24469a2a4bdc31d3db27d},
  howpublished= {\url{http://dx.doi.org/10.5285/ef8ce37b6af24469a2a4bdc31d3db27d}}
}

@article{chapman2015birmingham,
  title={The Birmingham urban climate laboratory: an open meteorological test bed and challenges of the smart city},
  author={Chapman, Lee and Muller, Catherine L and Young, Duick T and Warren, Elliott L and Grimmond, C Sue B and Cai, Xiao-Ming and Ferranti, Emma JS},
  journal={Bulletin of the American Meteorological Society},
  volume={96},
  number={9},
  pages={1545--1560},
  year={2015}
}
